<collection xmlns="http://www.loc.gov/MARC21/slim">
<record>
  <leader>01206nam0a2200229 i 450 </leader>
  <controlfield tag="001">IT\ICCU\CNCE\005758</controlfield>
  <controlfield tag="005">20140718000000.0</controlfield>
  <datafield tag="012" ind1=" " ind2=" ">
    <subfield code="a">x.ce i,t- L.e. frne (3) 1532 (R)</subfield>
    <subfield code="2">fei</subfield>
  </datafield>
  <datafield tag="100" ind1=" " ind2=" ">
    <subfield code="a">19970101d1532        0itac0103    ba</subfield>
  </datafield>
  <datafield tag="101" ind1=" " ind2=" ">
    <subfield code="a">ITA</subfield>
  </datafield>
  <datafield tag="102" ind1=" " ind2=" ">
    <subfield code="a">IT</subfield>
  </datafield>
  <datafield tag="200" ind1="1" ind2=" ">
    <subfield code="a">Biblia in lingua materna vltimamente impressa: esser nata atorno de theologice &amp; moral postille &amp; figure alli luochi congrui sit uade con summarij de le materie precedenti tutti li suoi capitoli; agionti etiam li suoi ordinatissimi repertorij &amp; infinite altre dechiaratione</subfield>
  </datafield>
  <datafield tag="210" ind1=" " ind2=" ">
    <subfield code="a">In Vinegia</subfield>
    <subfield code="c">per Gulielmo da Fontaneto de Monferra &amp; Marchio Sessa e li eredi del q. Piero Rauani</subfield>
    <subfield code="d">1532</subfield>
  </datafield>
  <datafield tag="215" ind1=" " ind2=" ">
    <subfield code="a">\9!, CCCLXXXVI c.</subfield>
    <subfield code="d">fol</subfield>
  </datafield>
  <datafield tag="500" ind1="1" ind2="1">
    <subfield code="3">IT\ICCU\CNCE\005753</subfield>
    <subfield code="a">Bibbia</subfield>
  </datafield>
  <datafield tag="620" ind1=" " ind2=" ">
    <subfield code="a">IT</subfield>
    <subfield code="d">Venezia</subfield>
  </datafield>
  <datafield tag="712" ind1="0" ind2="0">
    <subfield code="a">Guglielmo da Fontaneto &amp; Sessa, Melchiorre &lt;1.&gt; &amp; Ravani, Pietro - eredi</subfield>
    <subfield code="3">IT\ICCU\CNCT\001014</subfield>
    <subfield code="4">650</subfield>
  </datafield>
  <datafield tag="801" ind1=" " ind2="3">
    <subfield code="a">IT</subfield>
    <subfield code="b">ICCU</subfield>
    <subfield code="c">20201113</subfield>
  </datafield>
  <datafield tag="899" ind1=" " ind2=" ">
    <subfield code="a">Biblioteca civica. Tortona</subfield>
    <subfield code="1">AL0100</subfield>
    <subfield code="2">TO0 32</subfield>
  </datafield>
  <datafield tag="899" ind1=" " ind2=" ">
    <subfield code="a">Biblioteca nazionale Sagarriga Visconti-Volpi. Bari</subfield>
    <subfield code="z">MUTILO</subfield>
    <subfield code="1">BA0018</subfield>
    <subfield code="2">BA1 BA</subfield>
  </datafield>
  <datafield tag="899" ind1=" " ind2=" ">
    <subfield code="a">Biblioteca Apostolica Vaticana. Citt ̉del Vaticano</subfield>
    <subfield code="z">MUTILO</subfield>
    <subfield code="1">EX0001</subfield>
    <subfield code="2">ZCV 01</subfield>
  </datafield>
  <datafield tag="899" ind1=" " ind2=" ">
    <subfield code="a">Biblioteca Casanatense. Roma</subfield>
    <subfield code="1">RM0313</subfield>
    <subfield code="2">RML 07</subfield>
  </datafield>
</record>
</collection>
